
@Manual{doby,
  author  = {H{\o}jsgaard, S{\o}ren},
  note    = {R package version 3.1},
  title   = {doBy: Groupwise computations of summary statistics and other
            utilities},
  year    = {2008}
}

@Manual{gdata,
  author  = {Warnes, Gregory R. and Gorjanc., Gregor},
  note    = {R package version 2.4.2. Includes R source code and/or
            documentation contributed by Ben Bolker and Thomas Lumley.},
  title   = {gdata: Various R programming tools for data manipulation},
  year    = {2008}
}

@Article{hobbs:2007,
  author  = {Hobbs, J. and Wickham, H. and Hofmann, H. and Cook, D.},
  journal = {Computational Statistics},
  note    = {Special issue for ASA Statistical Computing and Graphics Data
            Expo 2007},
  title   = {Glaciers Melt as Mountains Warm: A Graphical Case Study},
  year    = {To appear}
}

@Manual{papply,
  author  = {Currie, Duane},
  note    = {R package version 0.1},
  title   = {papply: Parallel apply function using MPI},
  url     = {http://ace.acadiau.ca/math/ACMMaC/software/papply/},
  year    = {2005}
}

@Manual{reshape,
  author  = {Wickham, Hadley},
  keywords= {no-electronic; software/r},
  note    = {R package version 0.7.1},
  title   = {reshape: Flexibly reshape data.},
  url     = {http://had.co.nz/reshape/},
  year    = {2005}
}

@Manual{scope,
  author  = {Bergsma, Tim},
  note    = {R package version 2.2},
  title   = {scope: Data Manipulation Using Arbitrary Row and Column
            Criteria},
  year    = {2007}
}

@Book{spector:2008,
  author  = {Spector, Phil},
  publisher={Springer},
  title   = {Data Manipulation with R},
  year    = {2008}
}
